@Book{BK08,
author={C. Baier and J.-P. Katoen},
title={Principles of Model Checking},
publisher={MIT Press},
year={2008},

volume={},
series={},
address={},
edition={},
month={},
note={},
key={}
}

@inproceedings{cifuentes2015analysis,
  title={Analysis of Security Vulnerabilities for Mobile Health Applications},
  author={Cifuentes, Y and Beltr{\'a}n, L and Ram{\'\i}rez, L},
  booktitle={2015 Seventh International Conference on Mobile Computing and Networking (ICMCN 2015)},
  year={2015}
}

@INPROCEEDINGS{6567261, 
author={B. Panja and D. Fattaleh and M. Mercado and A. Robinson and P. Meharia}, 
booktitle={Collaboration Technologies and Systems (CTS), 2013 International Conference on}, 
title={Cybersecurity in banking and financial sector: Security analysis of a mobile banking application}, 
year={2013}, 
pages={397-403}, 
keywords={Internet;banking;cellular radio;invasive software;mobile commerce;smart phones;attack vectors;capture user information;cellular network;cybersecurity;financial sector;malware seems;mobile banking application;not-so-trusted device;secure mobile based Internet banking environment;security analysis;security measures;smart phone banking applications;smart phones;straight-forward solution;Authentication;Banking;Internet;Mobile communication;Mobile handsets;Online banking;android;mobile application;security}, 
doi={10.1109/CTS.2013.6567261}, 
month={May},}